@inproceedings{DBLP:conf/isca/DennisM74,
  author    = {Jack B. Dennis and
               David Misunas},
  editor    = {Willis K. King and
               Oscar N. Garcia},
  title     = {A Preliminary Architecture for a Basic Data Flow Processor},
  booktitle = {Proceedings of the 2nd Annual Symposium on Computer Architecture,
               Houston, TX, USA, December 1974},
  pages     = {126--132},
  publisher = {{ACM}},
  year      = {1974},
  url       = {http://doi.acm.org/10.1145/642089.642111},
  doi       = {10.1145/642089.642111},
  timestamp = {Mon, 09 Jul 2018 08:48:39 +0200},
  biburl    = {https://dblp.org/rec/bib/conf/isca/DennisM74},
  bibsource = {dblp computer science bibliography, https://dblp.org}
}

# Survey

@article{DBLP:journals/csur/TreleavenBH82,
  author    = {Philip C. Treleaven and
               David R. Brownbridge and
               Richard P. Hopkins},
  title     = {Data-Driven and Demand-Driven Computer Architecture},
  journal   = {{ACM} Comput. Surv.},
  volume    = {14},
  number    = {1},
  pages     = {93--143},
  year      = {1982},
  url       = {http://doi.acm.org/10.1145/356869.356873},
  doi       = {10.1145/356869.356873},
  timestamp = {Mon, 05 Dec 2011 18:03:13 +0100},
  biburl    = {https://dblp.org/rec/bib/journals/csur/TreleavenBH82},
  bibsource = {dblp computer science bibliography, https://dblp.org}
}

@article{DBLP:journals/csur/JohnstonHM04,
  author    = {Wesley M. Johnston and
               J. R. Paul Hanna and
               Richard J. Millar},
  title     = {Advances in dataflow programming languages},
  journal   = {{ACM} Comput. Surv.},
  volume    = {36},
  number    = {1},
  pages     = {1--34},
  year      = {2004},
  url       = {http://doi.acm.org/10.1145/1013208.1013209},
  doi       = {10.1145/1013208.1013209},
  timestamp = {Thu, 09 Feb 2006 13:32:23 +0100},
  biburl    = {https://dblp.org/rec/bib/journals/csur/JohnstonHM04},
  bibsource = {dblp computer science bibliography, https://dblp.org}
}

@article{DBLP:journals/tpds/YazdanpanahAJE14,
  author    = {Fahimeh Yazdanpanah and
               Carlos {\'{A}}lvarez{-}Mart{\'{\i}}nez and
               Daniel Jim{\'{e}}nez{-}Gonz{\'{a}}lez and
               Yoav Etsion},
  title     = {Hybrid Dataflow/von-Neumann Architectures},
  journal   = {{IEEE} Trans. Parallel Distrib. Syst.},
  volume    = {25},
  number    = {6},
  pages     = {1489--1509},
  year      = {2014},
  url       = {https://doi.org/10.1109/TPDS.2013.125},
  doi       = {10.1109/TPDS.2013.125},
  timestamp = {Thu, 10 Aug 2017 17:21:21 +0200},
  biburl    = {https://dblp.org/rec/bib/journals/tpds/YazdanpanahAJE14},
  bibsource = {dblp computer science bibliography, https://dblp.org}
}

@inproceedings{DBLP:conf/fpl/KachrisS16,
  author    = {Christoforos Kachris and
               Dimitrios Soudris},
  editor    = {Paolo Ienne and
               Walid A. Najjar and
               Jason Anderson and
               Philip Brisk and
               Walter Stechele},
  title     = {A survey on reconfigurable accelerators for cloud computing},
  booktitle = {26th International Conference on Field Programmable Logic and Applications,
               {FPL} 2016, Lausanne, Switzerland, August 29 - September 2, 2016},
  pages     = {1--10},
  publisher = {{IEEE}},
  year      = {2016},
  url       = {https://doi.org/10.1109/FPL.2016.7577381},
  doi       = {10.1109/FPL.2016.7577381},
  timestamp = {Sun, 21 May 2017 00:20:37 +0200},
  biburl    = {https://dblp.org/rec/bib/conf/fpl/KachrisS16},
  bibsource = {dblp computer science bibliography, https://dblp.org}
}

# Deep learning accelerator

@inproceedings{DBLP:conf/icml/GuptaAGN15,
  author    = {Suyog Gupta and
               Ankur Agrawal and
               Kailash Gopalakrishnan and
               Pritish Narayanan},
  editor    = {Francis R. Bach and
               David M. Blei},
  title     = {Deep Learning with Limited Numerical Precision},
  booktitle = {Proceedings of the 32nd International Conference on Machine Learning,
               {ICML} 2015, Lille, France, 6-11 July 2015},
  series    = {{JMLR} Workshop and Conference Proceedings},
  volume    = {37},
  pages     = {1737--1746},
  publisher = {JMLR.org},
  year      = {2015},
  url       = {http://jmlr.org/proceedings/papers/v37/gupta15.html},
  timestamp = {Wed, 29 Mar 2017 16:45:25 +0200},
  biburl    = {https://dblp.org/rec/bib/conf/icml/GuptaAGN15},
  bibsource = {dblp computer science bibliography, https://dblp.org}
}

@inproceedings{DBLP:conf/osdi/AbadiBCCDDDGIIK16,
  author    = {Mart{\'{\i}}n Abadi and
               Paul Barham and
               Jianmin Chen and
               Zhifeng Chen and
               Andy Davis and
               Jeffrey Dean and
               Matthieu Devin and
               Sanjay Ghemawat and
               Geoffrey Irving and
               Michael Isard and
               Manjunath Kudlur and
               Josh Levenberg and
               Rajat Monga and
               Sherry Moore and
               Derek Gordon Murray and
               Benoit Steiner and
               Paul A. Tucker and
               Vijay Vasudevan and
               Pete Warden and
               Martin Wicke and
               Yuan Yu and
               Xiaoqiang Zheng},
  editor    = {Kimberly Keeton and
               Timothy Roscoe},
  title     = {TensorFlow: {A} System for Large-Scale Machine Learning},
  booktitle = {12th {USENIX} Symposium on Operating Systems Design and Implementation,
               {OSDI} 2016, Savannah, GA, USA, November 2-4, 2016.},
  pages     = {265--283},
  publisher = {{USENIX} Association},
  year      = {2016},
  url       = {https://www.usenix.org/conference/osdi16/technical-sessions/presentation/abadi},
  timestamp = {Wed, 01 Aug 2018 19:29:18 +0200},
  biburl    = {https://dblp.org/rec/bib/conf/osdi/AbadiBCCDDDGIIK16},
  bibsource = {dblp computer science bibliography, https://dblp.org}
}

@inproceedings{DBLP:conf/isca/ChenES16,
  author    = {Yu{-}Hsin Chen and
               Joel S. Emer and
               Vivienne Sze},
  title     = {Eyeriss: {A} Spatial Architecture for Energy-Efficient Dataflow for
               Convolutional Neural Networks},
  booktitle = {43rd {ACM/IEEE} Annual International Symposium on Computer Architecture,
               {ISCA} 2016, Seoul, South Korea, June 18-22, 2016},
  pages     = {367--379},
  publisher = {{IEEE} Computer Society},
  year      = {2016},
  url       = {https://doi.org/10.1109/ISCA.2016.40},
  doi       = {10.1109/ISCA.2016.40},
  timestamp = {Tue, 23 May 2017 01:12:16 +0200},
  biburl    = {https://dblp.org/rec/bib/conf/isca/ChenES16},
  bibsource = {dblp computer science bibliography, https://dblp.org}
}

@inproceedings{DBLP:conf/isca/ParasharRMPVKEK17,
  author    = {Angshuman Parashar and
               Minsoo Rhu and
               Anurag Mukkara and
               Antonio Puglielli and
               Rangharajan Venkatesan and
               Brucek Khailany and
               Joel S. Emer and
               Stephen W. Keckler and
               William J. Dally},
  title     = {{SCNN:} An Accelerator for Compressed-sparse Convolutional Neural
               Networks},
  booktitle = {Proceedings of the 44th Annual International Symposium on Computer
               Architecture, {ISCA} 2017, Toronto, ON, Canada, June 24-28, 2017},
  pages     = {27--40},
  publisher = {{ACM}},
  year      = {2017},
  url       = {http://doi.acm.org/10.1145/3079856.3080254},
  doi       = {10.1145/3079856.3080254},
  timestamp = {Tue, 31 Jul 2018 12:20:29 +0200},
  biburl    = {https://dblp.org/rec/bib/conf/isca/ParasharRMPVKEK17},
  bibsource = {dblp computer science bibliography, https://dblp.org}
}

@inproceedings{DBLP:conf/hpca/LuYLGH017,
  author    = {Wenyan Lu and
               Guihai Yan and
               Jiajun Li and
               Shijun Gong and
               Yinhe Han and
               Xiaowei Li},
  title     = {FlexFlow: {A} Flexible Dataflow Accelerator Architecture for Convolutional
               Neural Networks},
  booktitle = {2017 {IEEE} International Symposium on High Performance Computer Architecture,
               {HPCA} 2017, Austin, TX, USA, February 4-8, 2017},
  pages     = {553--564},
  publisher = {{IEEE} Computer Society},
  year      = {2017},
  url       = {https://doi.org/10.1109/HPCA.2017.29},
  doi       = {10.1109/HPCA.2017.29},
  timestamp = {Mon, 18 Sep 2017 09:07:07 +0200},
  biburl    = {https://dblp.org/rec/bib/conf/hpca/LuYLGH017},
  bibsource = {dblp computer science bibliography, https://dblp.org}
}

@inproceedings{DBLP:conf/fpga/MaCVS17,
  author    = {Yufei Ma and
               Yu Cao and
               Sarma B. K. Vrudhula and
               Jae{-}sun Seo},
  editor    = {Jonathan W. Greene and
               Jason Helge Anderson},
  title     = {Optimizing Loop Operation and Dataflow in {FPGA} Acceleration of Deep
               Convolutional Neural Networks},
  booktitle = {Proceedings of the 2017 {ACM/SIGDA} International Symposium on Field-Programmable
               Gate Arrays, {FPGA} 2017, Monterey, CA, USA, February 22-24, 2017},
  pages     = {45--54},
  publisher = {{ACM}},
  year      = {2017},
  url       = {http://dl.acm.org/citation.cfm?id=3021736},
  timestamp = {Mon, 27 Aug 2018 01:43:39 +0200},
  biburl    = {https://dblp.org/rec/bib/conf/fpga/MaCVS17},
  bibsource = {dblp computer science bibliography, https://dblp.org}
}
