@inproceedings{DBLP:conf/isca/PutnamCCCCDEFGGHHHHKLLPPSTXB14,
  author    = {Andrew Putnam and
               Adrian M. Caulfield and
               Eric S. Chung and
               Derek Chiou and
               Kypros Constantinides and
               John Demme and
               Hadi Esmaeilzadeh and
               Jeremy Fowers and
               Gopi Prashanth Gopal and
               Jan Gray and
               Michael Haselman and
               Scott Hauck and
               Stephen Heil and
               Amir Hormati and
               Joo{-}Young Kim and
               Sitaram Lanka and
               James R. Larus and
               Eric Peterson and
               Simon Pope and
               Aaron Smith and
               Jason Thong and
               Phillip Yi Xiao and
               Doug Burger},
  title     = {A reconfigurable fabric for accelerating large-scale datacenter services},
  booktitle = {{ACM/IEEE} 41st International Symposium on Computer Architecture,
               {ISCA} 2014, Minneapolis, MN, USA, June 14-18, 2014},
  pages     = {13--24},
  publisher = {{IEEE} Computer Society},
  year      = {2014},
  url       = {https://doi.org/10.1109/ISCA.2014.6853195},
  doi       = {10.1109/ISCA.2014.6853195},
  timestamp = {Wed, 14 Mar 2018 14:09:58 +0100},
  biburl    = {https://dblp.org/rec/bib/conf/isca/PutnamCCCCDEFGGHHHHKLLPPSTXB14},
  bibsource = {dblp computer science bibliography, https://dblp.org}
}
